@article{levin2019,
  title={The Computational Boundary of a 'Self': Developmental Bioelectricity Drives Multicellularity and Scale-Free Cognition},
  author={Levin, Michael},
  journal={Frontiers in Psychology},
  volume={10},
  pages={2688},
  year={2019},
  publisher={Frontiers},
  doi={10.3389/fpsyg.2019.02688},
  url={https://doi.org/10.3389/fpsyg.2019.02688}
}

@misc{krishnan2025,
  title={{AI} Agents: Evolution, Architecture, and Real-World Applications},
  author={Krishnan, Naveen},
  howpublished={arXiv preprint arXiv:2503.12687},
  year={2025},
  month={March},
  note={Available: \url{https://arxiv.org/abs/2503.12687}}
}

@article{clark1998,
  title={The extended mind},
  author={Clark, A. and Chalmers, D.},
  journal={Analysis},
  volume={58},
  number={1},
  pages={7--19},
  year={1998},
  publisher={Oxford University Press}
}

@misc{jiang2025,
  title={Long Term Memory: The Foundation of {AI} Self-Evolution},
  author={Jiang, Xun and Li, Feng and Zhao, Han and Qiu, Jiahao and Wang, Jiaying and Shao, Jun and Xu, Shihao and Zhang, Shu and Chen, Weiling and Tang, Xavier and Chen, Yize and Wu, Mengyue and Ma, Weizhi and Wang, Mengdi and Chen, Tianqiao},
  howpublished={arXiv preprint arXiv:2410.15665},
  year={2025},
  month={May},
  note={Available: \url{https://arxiv.org/abs/2410.15665}}
}

@misc{osogami2025,
  title={{AI} Agents Should Be Regulated Based on the Extent of Their Autonomous Operations},
  author={Osogami, Takayuki},
  howpublished={arXiv preprint arXiv:2503.04750},
  year={2025},
  month={May},
  note={Available: \url{https://arxiv.org/abs/2503.04750}}
}